<?xml version="1.0" encoding="UTF-8"?><collection xmlns="http://www.loc.gov/MARC21/slim"><record><leader>00379nam--2200133-i-4500</leader><controlfield tag="001">000043631</controlfield><controlfield tag="002">20161230</controlfield><controlfield tag="005">20161230201044</controlfield><controlfield tag="008">060222s1000------------r-----000-0-eng-d</controlfield><datafield ind1=" " ind2=" " tag="080"><subfield code="a">612.544.7:530.145.1(061.3)</subfield></datafield><datafield ind1=" " ind2=" " tag="245"><subfield code="a">Structure and approximation in physical theories</subfield></datafield><datafield ind1=" " ind2=" " tag="260"><subfield code="a">New York, Plenum Press, 1981, Viii+255p</subfield></datafield><datafield ind1=" " ind2=" " tag="700"><subfield code="a">Hartkamper,A.Andschmidt,H.J</subfield></datafield><datafield ind1=" " ind2=" " tag="852"><subfield code="a">70095</subfield></datafield></record></collection>